<record><leader>00000cas a22000007a 4500</leader><controlfield tag="001">10906618</controlfield><controlfield tag="008">840702d19831985nyumr ne      0   z0benrd</controlfield><datafield ind1=" " ind2=" " tag="010"><subfield code="a">sn 84006385 </subfield></datafield><datafield ind1=" " ind2=" " tag="040"><subfield code="a">NSD</subfield><subfield code="b">eng</subfield><subfield code="c">NSD</subfield><subfield code="d">DLC</subfield><subfield code="d">OCLCQ</subfield><subfield code="d">OCLCO</subfield></datafield><datafield ind1=" " ind2=" " tag="012"><subfield code="j">0</subfield><subfield code="k">1</subfield><subfield code="m">d</subfield></datafield><datafield ind1="0" ind2=" " tag="022"><subfield code="a">8750-0108</subfield><subfield code="l">8750-0108</subfield><subfield code="2">1</subfield></datafield><datafield ind1="1" ind2=" " tag="029"><subfield code="a">AU@</subfield><subfield code="b">000025798246</subfield></datafield><datafield ind1=" " ind2=" " tag="037"><subfield code="b">Transatlantic Forum for Bengali Literature and Culture, Inc., 80-43 246 St., Bellerose, NY 11426</subfield></datafield><datafield ind1=" " ind2=" " tag="042"><subfield code="a">nsdp</subfield><subfield code="a">msc</subfield></datafield><datafield ind1="1" ind2="0" tag="082"><subfield code="a">891</subfield><subfield code="2">12</subfield></datafield><datafield ind1="0" ind2=" " tag="210"><subfield code="a">Des&#769;abides&#769;a</subfield></datafield><datafield ind1=" " ind2="0" tag="222"><subfield code="a">Des&#769;abides&#769;a</subfield></datafield><datafield ind1="0" ind2="0" tag="245"><subfield code="a">Des&#769;abides&#769;a.</subfield></datafield><datafield ind1="1" ind2="3" tag="246"><subfield code="a">Antorik</subfield></datafield><datafield ind1=" " ind2=" " tag="260"><subfield code="a">Bellerose, NY :</subfield><subfield code="b">Transatlantic Forum for Bengali Literature and Culture, Inc.</subfield></datafield><datafield ind1=" " ind2=" " tag="300"><subfield code="a">v.</subfield></datafield><datafield ind1=" " ind2=" " tag="310"><subfield code="a">Monthly</subfield></datafield><datafield ind1="1" ind2=" " tag="362"><subfield code="a">Began in 1983?; ceased in 1985?</subfield></datafield><datafield ind1=" " ind2=" " tag="546"><subfield code="a">In Bengali.</subfield></datafield><datafield ind1=" " ind2=" " tag="588"><subfield code="a">Description based on: 4. barsha, 7. samkhya&#772; (Feb. 1984).</subfield></datafield><datafield ind1="2" ind2=" " tag="710"><subfield code="a">Transatlantic Forum for Bengali Literature and Culture.</subfield></datafield><datafield ind1="0" ind2=" " tag="772"><subfield code="t">Antorik</subfield><subfield code="x">1060-5983</subfield><subfield code="w">(DLC)   92659124</subfield><subfield code="w">(OCoLC)25043100</subfield></datafield><datafield ind1=" " ind2=" " tag="936"><subfield code="a">Sept. 1984</subfield></datafield></record>